@techreport{lfsr_taps,
    title        = {Electronics Technical Report 2012-1},
    author       = {Department of Physics, University of Otago},
    year         = {2012},
    institution  = {University of Otago},
    url          = {https://www.physics.otago.ac.nz/reports/electronics/ETR2012-1.pdf},
    note         = {Accessed: 2023-10-04}
}